@Book{Lamport:LDP94,
    author =    "Marvin Hern√°ndez" ,
     title =     "M\'etodo Num\'erico: Regla de Simpson" ,
     publisher = "T-E-C Pub.\ Co." ,
     year =      "2006" ,
     address =   "Instituto Tecnol\'ogico de Costa Rica" 
}

@Book{Lamport:LDP95,
    author =    "Frank Ayres, Jr." ,
     title =     "C\'lculo diferencia e integral" ,
     publisher = "SCHAUM Pub.\ Co." ,
     year =      "1993" ,
     address =   "Instituto Tecnol\'ogico de Mexico" 
}

@MISC{URL:XML,
   author    = "Ing Yamil Armando Cerquera Rojas",
   note      = {http://www.es.scrib.com/doc/5784437/Metodo-Simpson}
}
